<?xml version="1.0" encoding="UTF-8"?><collection xmlns="http://www.loc.gov/MARC21/slim"><record><leader>00423nam--2200133-i-4500</leader><controlfield tag="001">000017950</controlfield><controlfield tag="002">20161230</controlfield><controlfield tag="005">20161230201032</controlfield><controlfield tag="008">060222s1000------------r-----000-0-eng-d</controlfield><datafield ind1=" " ind2=" " tag="245"><subfield code="a">Elektromagnetische wellenleiter und hohlraume. unter mitarbeit von r.honerjager und r.muller</subfield></datafield><datafield ind1=" " ind2=" " tag="260"><subfield code="a">Stuttgart, Wiss. Verlaggesellschaft, 1955. Xiv + 460 P.Cu Fig</subfield></datafield><datafield ind1=" " ind2=" " tag="490"><subfield code="a">Physik Und Technik</subfield></datafield><datafield ind1=" " ind2=" " tag="700"><subfield code="a">Goubau, Von G</subfield></datafield><datafield ind1=" " ind2=" " tag="852"><subfield code="a">11629</subfield></datafield></record></collection>